<record><leader>00000cas a22000007a 4500</leader><controlfield tag="001">31326868</controlfield><controlfield tag="008">941021c19769999ilucr ne      0    0eng d</controlfield><datafield ind1=" " ind2=" " tag="010"><subfield code="a">sn 94060714 </subfield></datafield><datafield ind1=" " ind2=" " tag="040"><subfield code="a">NVF</subfield><subfield code="b">eng</subfield><subfield code="c">NVF</subfield><subfield code="d">CVF</subfield><subfield code="d">NVF</subfield><subfield code="d">OCLCQ</subfield><subfield code="d">OCLCF</subfield><subfield code="d">OCLCO</subfield></datafield><datafield ind1="1" ind2=" " tag="029"><subfield code="a">AU@</subfield><subfield code="b">000011305893</subfield></datafield><datafield ind1=" " ind2=" " tag="042"><subfield code="a">msc</subfield></datafield><datafield ind1=" " ind2=" " tag="043"><subfield code="a">n-us-il</subfield></datafield><datafield ind1="0" ind2=" " tag="130"><subfield code="a">Suburban life/citizen (La Grange, Ill. : La Grange ed.)</subfield></datafield><datafield ind1="1" ind2="0" tag="245"><subfield code="a">Suburban life/citizen.</subfield></datafield><datafield ind1="3" ind2="0" tag="246"><subfield code="a">Suburban life</subfield></datafield><datafield ind1=" " ind2=" " tag="250"><subfield code="a">[La Grange ed.].</subfield></datafield><datafield ind1=" " ind2=" " tag="260"><subfield code="a">La Grange, Ill. :</subfield><subfield code="b">Life Print. and Pub. Co.,</subfield><subfield code="c">1976-</subfield></datafield><datafield ind1=" " ind2=" " tag="300"><subfield code="a">v.</subfield></datafield><datafield ind1=" " ind2=" " tag="310"><subfield code="a">Semiweekly,</subfield><subfield code="b">July 30, 1980-</subfield></datafield><datafield ind1=" " ind2=" " tag="321"><subfield code="a">Semiweekly,</subfield><subfield code="b">1976-June 13, 1979</subfield></datafield><datafield ind1=" " ind2=" " tag="321"><subfield code="a">Triweekly,</subfield><subfield code="b">June 15, 1979-July 26, 1980</subfield></datafield><datafield ind1="0" ind2=" " tag="362"><subfield code="a">27th year, no. 33 (Mar. 24, 1976)-</subfield></datafield><datafield ind1=" " ind2=" " tag="580"><subfield code="a">Formed by the union of: Western Springs citizen (Countryside, Ill.), and: La Grange citizen (Countryside, Ill.), and: Suburban life (La Grange, Ill. : La Grange ed.).</subfield></datafield><datafield ind1=" " ind2="0" tag="651"><subfield code="a">La Grange (Ill.)</subfield><subfield code="v">Newspapers.</subfield></datafield><datafield ind1=" " ind2="0" tag="651"><subfield code="a">La Grange Park (Ill.)</subfield><subfield code="v">Newspapers.</subfield></datafield><datafield ind1=" " ind2="0" tag="651"><subfield code="a">Western Springs (Ill.)</subfield><subfield code="v">Newspapers.</subfield></datafield><datafield ind1=" " ind2="0" tag="651"><subfield code="a">Countryside (Cook County, Ill.)</subfield><subfield code="v">Newspapers.</subfield></datafield><datafield ind1=" " ind2="0" tag="651"><subfield code="a">Hodgkins (Ill.)</subfield><subfield code="v">Newspapers.</subfield></datafield><datafield ind1=" " ind2="0" tag="651"><subfield code="a">Indian Head Park (Ill.)</subfield><subfield code="v">Newspapers.</subfield></datafield><datafield ind1=" " ind2="0" tag="651"><subfield code="a">Burr Ridge (Ill.)</subfield><subfield code="v">Newspapers.</subfield></datafield><datafield ind1=" " ind2="0" tag="651"><subfield code="a">Willow Springs (Ill.)</subfield><subfield code="v">Newspapers.</subfield></datafield><datafield ind1=" " ind2="0" tag="651"><subfield code="a">Westchester (Ill.)</subfield><subfield code="v">Newspapers.</subfield></datafield><datafield ind1=" " ind2="4" tag="651"><subfield code="a">Pleasant Dale (Burr Ridge, Ill.)</subfield><subfield code="v">Newspapers.</subfield></datafield><datafield ind1=" " ind2="4" tag="651"><subfield code="a">La Grange Highlands (Ill.)</subfield><subfield code="v">Newspapers.</subfield></datafield><datafield ind1=" " ind2="7" tag="655"><subfield code="a">Newspapers.</subfield><subfield code="2">fast</subfield><subfield code="0">(OCoLC)fst01423814</subfield></datafield><datafield ind1=" " ind2="7" tag="651"><subfield code="a">Illinois</subfield><subfield code="z">Burr Ridge.</subfield><subfield code="2">fast</subfield><subfield code="0">(OCoLC)fst01232870</subfield></datafield><datafield ind1=" " ind2="7" tag="651"><subfield code="a">Illinois</subfield><subfield code="z">Countryside (Cook County)</subfield><subfield code="2">fast</subfield><subfield code="0">(OCoLC)fst01314356</subfield></datafield><datafield ind1=" " ind2="7" tag="651"><subfield code="a">Illinois</subfield><subfield code="z">Hodgkins.</subfield><subfield code="2">fast</subfield><subfield code="0">(OCoLC)fst01305809</subfield></datafield><datafield ind1=" " ind2="7" tag="651"><subfield code="a">Illinois</subfield><subfield code="z">Indian Head Park.</subfield><subfield code="2">fast</subfield><subfield code="0">(OCoLC)fst01305810</subfield></datafield><datafield ind1=" " ind2="7" tag="651"><subfield code="a">Illinois</subfield><subfield code="z">La Grange.</subfield><subfield code="2">fast</subfield><subfield code="0">(OCoLC)fst01206603</subfield></datafield><datafield ind1=" " ind2="7" tag="651"><subfield code="a">Illinois</subfield><subfield code="z">La Grange Park.</subfield><subfield code="2">fast</subfield><subfield code="0">(OCoLC)fst01226880</subfield></datafield><datafield ind1=" " ind2="7" tag="651"><subfield code="a">Illinois</subfield><subfield code="z">Westchester.</subfield><subfield code="2">fast</subfield><subfield code="0">(OCoLC)fst01226869</subfield></datafield><datafield ind1=" " ind2="7" tag="651"><subfield code="a">Illinois</subfield><subfield code="z">Western Springs.</subfield><subfield code="2">fast</subfield><subfield code="0">(OCoLC)fst01204790</subfield></datafield><datafield ind1=" " ind2="7" tag="651"><subfield code="a">Illinois</subfield><subfield code="z">Willow Springs.</subfield><subfield code="2">fast</subfield><subfield code="0">(OCoLC)fst01232799</subfield></datafield><datafield ind1=" " ind2=" " tag="752"><subfield code="a">United States</subfield><subfield code="b">Illinois</subfield><subfield code="c">Cook</subfield><subfield code="d">La Grange.</subfield></datafield><datafield ind1="1" ind2=" " tag="775"><subfield code="t">Sunday suburban life citizen</subfield></datafield><datafield ind1="1" ind2="4" tag="780"><subfield code="t">Western Springs citizen (Countryside, Ill.)</subfield><subfield code="w">(DLC)sn 94060711</subfield><subfield code="w">(OCoLC)31326601</subfield></datafield><datafield ind1="1" ind2="4" tag="780"><subfield code="t">Grange citizen (Countryside, Ill.)</subfield><subfield code="w">(DLC)sn 94060713</subfield><subfield code="w">(OCoLC)31326725</subfield></datafield><datafield ind1="1" ind2="4" tag="780"><subfield code="t">Suburban life (La Grange, Ill. : La Grange ed.)</subfield><subfield code="w">(DLC)sn 93057215</subfield><subfield code="w">(OCoLC)15346703</subfield></datafield></record>